% references for subgradient methods

% papers
@Article{ref1,
  author =  {S. Ganzfried and T. Sandholm},
  title =   {Computing an Approximate Jam/Fold Equilibrium for 3-player No-Limit Texas Hold¿em Tournaments}
}


@Article{ref2,
  author =  {K. B. Korb and A. E. Nicholson and N. Jitnah},
  title =   {Bayesian Poker}
}



@article{ref3,
  title={The challenge of Poker},
  author={D. Billings, A. Davidson, J. Scharffer, D. Szafron}
}

@article{ref4,
  title={A heads-up no-limit Texas Hold'em poker player: Discretized betting models and automatically generated equilibrium-finding programs},
  author={A. Gilpin, T. Sandholm, T. B. Sorensen}
}

@article{graphprojection,
  title={Graph projection block splitting for distributed optimization},
  author={N. Parikh and S. Boyd},
  journal={
Mathematical Programming Computation},
  year={2013}
}

@article{scs,
  title={Operator splitting for conic optimization via homogeneous self-dual embedding},
  author={B. O'Donoghue and E. Chu and N. Parikh and S. Boyd},
  journal={arXiv preprint arXiv:1312.3039},
  year={2013}
}

@article{sluiscondition,
  title={Condition numbers and equilibration of matrices},
  author={A. van der Sluis},
  journal={Numerische Mathematik},
  volume={14},
  number={1},
  pages={14--23},
  year={1969},
  publisher={Springer}
}
