% references for subgradient methods

% papers
@Article{ brad2011,
  author =  {A. M. Bradley},
  title =   {Algorithms for the Equilibration of Matrices and Their Application to Limited-Memory Quasi-Newton Methods},
  journal = {Ph.D. thesis, Institute for Computational and Mathematical Engineering, Stanford University},
  year =    2010,
}


@Article{ admm:2010,
  author =  {S. Boyd and N. Parikh and E. Chu and B. Peleato and J. Eckstein},
  title =   {Distributed optimization and statistical learning via the alternating direction method of multipliers},
  journal = {Foundations and Trends® in Machine Learning},
  year =    2010,
  volume =  3,
  pages =   {1--122}
}



@article{ruizequilibration,
  title={A scaling algorithm to equilibrate both rows and columns norms in matrices},
  author={D. Ruiz},
  journal={Rutherford Appleton Lab., Oxon, UK, Tech. Rep. RAL-TR-2001-034},
  year={2001}
}

@article{skequilibration,
  title={A relationship between arbitrary positive matrices and doubly stochastic matrices},
  author={R. Sinkhorn},
  journal={The annals of mathematical statistics},
  volume={35},
  number={2},
  pages={876--879},
  year={1964},
  publisher={Institute of Mathematical Statistics}
}

@article{graphprojection,
  title={Graph projection block splitting for distributed optimization},
  author={N. Parikh and S. Boyd},
  journal={
Mathematical Programming Computation},
  year={2013}
}

@article{scs,
  title={Operator splitting for conic optimization via homogeneous self-dual embedding},
  author={B. O'Donoghue and E. Chu and N. Parikh and S. Boyd},
  journal={arXiv preprint arXiv:1312.3039},
  year={2013}
}

@article{sluiscondition,
  title={Condition numbers and equilibration of matrices},
  author={A. van der Sluis},
  journal={Numerische Mathematik},
  volume={14},
  number={1},
  pages={14--23},
  year={1969},
  publisher={Springer}
}